[gd_scene load_steps=29 format=2]

[ext_resource path="res://Scenery/Pitch.tscn" type="PackedScene" id=1]
[ext_resource path="res://Scenery/Ball.tscn" type="PackedScene" id=2]
[ext_resource path="res://Player/Player1.tscn" type="PackedScene" id=3]
[ext_resource path="res://Player/Player2.tscn" type="PackedScene" id=4]
[ext_resource path="res://Scenery/Goal.tscn" type="PackedScene" id=5]
[ext_resource path="res://Levels/Game.gd" type="Script" id=6]
[ext_resource path="res://GUI/GUI.tscn" type="PackedScene" id=7]
[ext_resource path="res://Scenery/Advert.tscn" type="PackedScene" id=8]
[ext_resource path="res://SFX/airhorn.ogg" type="AudioStream" id=9]
[ext_resource path="res://GFX/hipster_backgrounds_9.jpg" type="Texture" id=10]
[ext_resource path="res://Scenery/Floor.tscn" type="PackedScene" id=11]
[ext_resource path="res://Scenery/Bear.tscn" type="PackedScene" id=12]
[ext_resource path="res://GFX/picture.png" type="Texture" id=13]
[ext_resource path="res://Scenery/Block.tscn" type="PackedScene" id=14]
[ext_resource path="res://Scenery/Wagon.tscn" type="PackedScene" id=15]
[ext_resource path="res://Levels/SpotLight.gd" type="Script" id=16]
[ext_resource path="res://Levels/OmniLight.gd" type="Script" id=17]

[sub_resource type="SpatialMaterial" id=1]
albedo_color = Color( 0.027451, 0.0941176, 0.827451, 1 )

[sub_resource type="SpatialMaterial" id=2]

[sub_resource type="BoxShape" id=3]
extents = Vector3( 11, 2.5, 0.25 )

[sub_resource type="BoxShape" id=4]
extents = Vector3( 8, 2.5, 0.25 )

[sub_resource type="CubeMesh" id=5]
size = Vector3( 100, 3, 2 )

[sub_resource type="SpatialMaterial" id=6]
albedo_color = Color( 0.564706, 0.027451, 0.027451, 1 )

[sub_resource type="SpatialMaterial" id=7]
albedo_texture = ExtResource( 10 )

[sub_resource type="PlaneMesh" id=8]
material = SubResource( 7 )
size = Vector2( 100, 50 )

[sub_resource type="PlaneMesh" id=9]

[sub_resource type="SpatialMaterial" id=10]
flags_transparent = true
albedo_texture = ExtResource( 13 )
anisotropy_enabled = true
anisotropy = 1.0

[sub_resource type="Animation" id=11]
resource_name = "Fade"
tracks/0/type = "value"
tracks/0/path = NodePath(".:light_energy")
tracks/0/interp = 1
tracks/0/loop_wrap = true
tracks/0/imported = false
tracks/0/enabled = true
tracks/0/keys = {
"times": PoolRealArray( 0, 1 ),
"transitions": PoolRealArray( 1, 1 ),
"update": 0,
"values": [ 1.2, 0.0 ]
}

[node name="Game" type="Spatial"]
script = ExtResource( 6 )

[node name="GUI" parent="." instance=ExtResource( 7 )]

[node name="Pitch" parent="." instance=ExtResource( 1 )]

[node name="Camera" type="Camera" parent="."]
transform = Transform( 1, 0, 0, 0, 0.793778, 0.608207, 0, -0.608207, 0.793778, 0, 11.4852, 13.2597 )
current = true

[node name="Ball" parent="." groups=[
"game_pieces",
] instance=ExtResource( 2 )]
transform = Transform( 1, 0, 0, 0, 1, 0, 0, 0, 1, 0, 5, 0 )

[node name="Player1" parent="." groups=[
"game_pieces",
] instance=ExtResource( 3 )]
transform = Transform( -1.62921e-07, 0, 1, 0, 1, 0, -1, 0, -1.62921e-07, -2.5, 0, 0 )
collision_mask = 1

[node name="Player2" parent="." groups=[
"game_pieces",
] instance=ExtResource( 4 )]
transform = Transform( -1.62921e-07, 0, -1, 0, 1, 0, 1, 0, -1.62921e-07, 2.5, 0, 0 )
collision_mask = 1
player_id = "2"

[node name="StartPositions" type="Node" parent="."]

[node name="BallSpawn" type="Position3D" parent="StartPositions"]
transform = Transform( 1, 0, 0, 0, 1, 0, 0, 0, 1, 0, 5, 0 )

[node name="Player1Spawn" type="Position3D" parent="StartPositions"]
transform = Transform( 1, 0, 0, 0, 1, 0, 0, 0, 1, -2.5, 0, 0 )

[node name="Player2Spawn" type="Position3D" parent="StartPositions"]
transform = Transform( 1, 0, 0, 0, 1, 0, 0, 0, 1, 2.5, 0, 0 )

[node name="Goals" type="Node" parent="."]

[node name="Goal1" parent="Goals" instance=ExtResource( 5 )]
transform = Transform( -4.37114e-08, 0, 1, 0, 1, 0, -1, 0, -4.37114e-08, 8, 0, 0 )

[node name="GoalPostMesh" parent="Goals/Goal1" index="0"]
transform = Transform( 1, 0, 0, 0, 1, 0, 0, 0, 1, -3.72529e-09, 0, 0 )
material/0 = SubResource( 1 )

[node name="NetMesh" parent="Goals/Goal1/GoalPostMesh" index="0"]
material/0 = SubResource( 2 )

[node name="Goal2" parent="Goals" instance=ExtResource( 5 )]
transform = Transform( -4.37114e-08, 0, -1, 0, 1, 0, 1, 0, -4.37114e-08, -8, 0, 0 )

[node name="Boundaries" type="Node" parent="."]

[node name="BackWall" type="StaticBody" parent="Boundaries"]
transform = Transform( 1, 0, 0, 0, 1, 0, 0, 0, 1, 0, 2, -8 )
collision_layer = 2
collision_mask = 5

[node name="CollisionShape" type="CollisionShape" parent="Boundaries/BackWall"]
shape = SubResource( 3 )

[node name="BackWall2" type="StaticBody" parent="Boundaries"]
transform = Transform( 1, 0, 0, 0, 1, 0, 0, 0, 1, 0, 2, -6 )
collision_layer = 2
collision_mask = 4

[node name="CollisionShape" type="CollisionShape" parent="Boundaries/BackWall2"]
shape = SubResource( 3 )

[node name="FrontWall" type="StaticBody" parent="Boundaries"]
transform = Transform( 1, 0, 0, 0, 1, 0, 0, 0, 1, 0, 2, 8 )
collision_layer = 2
collision_mask = 5

[node name="CollisionShape" type="CollisionShape" parent="Boundaries/FrontWall"]
shape = SubResource( 3 )

[node name="FrontWall2" type="StaticBody" parent="Boundaries"]
transform = Transform( 1, 0, 0, 0, 1, 0, 0, 0, 1, 0, 2, 6 )
collision_layer = 2
collision_mask = 4

[node name="CollisionShape" type="CollisionShape" parent="Boundaries/FrontWall2"]
shape = SubResource( 3 )

[node name="LeftWall" type="StaticBody" parent="Boundaries"]
transform = Transform( -4.37114e-08, 0, 1, 0, 1, 0, -1, 0, -4.37114e-08, -11, 2, -4.76837e-07 )
collision_layer = 2
collision_mask = 5

[node name="CollisionShape" type="CollisionShape" parent="Boundaries/LeftWall"]
shape = SubResource( 4 )

[node name="LeftWall2" type="StaticBody" parent="Boundaries"]
transform = Transform( -4.37114e-08, 0, 1, 0, 1, 0, -1, 0, -4.37114e-08, -10, 2, -4.76837e-07 )
collision_layer = 2
collision_mask = 4

[node name="CollisionShape" type="CollisionShape" parent="Boundaries/LeftWall2"]
shape = SubResource( 4 )

[node name="RightWall" type="StaticBody" parent="Boundaries"]
transform = Transform( -4.37114e-08, 0, 1, 0, 1, 0, -1, 0, -4.37114e-08, 11, 2, -4.76837e-07 )
collision_layer = 2
collision_mask = 5

[node name="CollisionShape" type="CollisionShape" parent="Boundaries/RightWall"]
shape = SubResource( 4 )

[node name="RightWall2" type="StaticBody" parent="Boundaries"]
transform = Transform( -4.37114e-08, 0, 1, 0, 1, 0, -1, 0, -4.37114e-08, 10, 2, -4.76837e-07 )
collision_layer = 2
collision_mask = 4

[node name="CollisionShape" type="CollisionShape" parent="Boundaries/RightWall2"]
shape = SubResource( 4 )

[node name="Timer" type="Timer" parent="."]
wait_time = 5.0
one_shot = true

[node name="Scenery" type="Node" parent="."]

[node name="Advert" parent="Scenery" instance=ExtResource( 8 )]
transform = Transform( 4, 0, 0, 0, 4, 0, 0, 0, 4, 0, 0, -9 )

[node name="Floor" parent="Scenery" instance=ExtResource( 11 )]

[node name="Trim" type="MeshInstance" parent="Scenery"]
transform = Transform( 1, 0, 0, 0, 1, 0, 0, 0, 1, 0, 0, -10 )
mesh = SubResource( 5 )
material/0 = SubResource( 6 )

[node name="Wall" type="MeshInstance" parent="Scenery"]
transform = Transform( 1, 0, 0, 0, -4.37114e-08, -1, 0, 1, -4.37114e-08, 0, 0, -10 )
mesh = SubResource( 8 )
material/0 = null

[node name="Bear" parent="Scenery" instance=ExtResource( 12 )]
transform = Transform( -1.41421, 1.41421, -6.18172e-08, 0, -8.74228e-08, -2, -1.41421, -1.41421, 6.18172e-08, 13, 2.20986, -7 )

[node name="Picture" type="MeshInstance" parent="Scenery"]
transform = Transform( 4.82963, 2.77569e-08, 1.2941, 1.2941, -2.10835e-07, -4.82963, 2.77569e-08, 5, -2.10835e-07, -12, 11, -9.975 )
mesh = SubResource( 9 )
material/0 = SubResource( 10 )

[node name="Blocks" type="Node" parent="Scenery"]

[node name="Block1" parent="Scenery/Blocks" instance=ExtResource( 14 )]
transform = Transform( 1, 0, 0, 0, 1, 0, 0, 0, 1, -18, 15, -5 )

[node name="Block2" parent="Scenery/Blocks" instance=ExtResource( 14 )]
transform = Transform( 1, 0, 0, 0, 1, 0, 0, 0, 1, -17, 7, -6 )

[node name="Block3" parent="Scenery/Blocks" instance=ExtResource( 14 )]
transform = Transform( 1, 0, 0, 0, 1, 0, 0, 0, 1, -19, 11, -4 )

[node name="Wagon" parent="Scenery" instance=ExtResource( 15 )]
transform = Transform( -12.9904, 0, 7.5, 0, 15, 0, -7.5, 0, -12.9904, -19, 0, 2 )

[node name="Airhorn" type="AudioStreamPlayer" parent="."]
stream = ExtResource( 9 )

[node name="Lights" type="Node" parent="."]

[node name="OmniLight" type="OmniLight" parent="Lights" groups=[
"game_pieces",
]]
transform = Transform( 1, 0, 0, 0, 1, 0, 0, 0, 1, 6, 6, 5 )
light_energy = 1.2
shadow_enabled = true
omni_range = 50.0
script = ExtResource( 17 )

[node name="AnimationPlayer" type="AnimationPlayer" parent="Lights/OmniLight"]
anims/Fade = SubResource( 11 )

[node name="SpotLight" type="SpotLight" parent="Lights" groups=[
"game_pieces",
]]
transform = Transform( 1, 0, 0, 0, -1.62921e-07, 1, 0, -1, -1.62921e-07, 0, 12, 0 )
light_energy = 5.0
shadow_enabled = true
spot_range = 15.0
spot_angle = 15.0
script = ExtResource( 16 )
[connection signal="body_entered" from="Goals/Goal1/GoalDetector" to="." method="_on_GoalDetector_body_entered" binds= [ 1 ]]
[connection signal="body_entered" from="Goals/Goal2/GoalDetector" to="." method="_on_GoalDetector_body_entered" binds= [ 2 ]]
[connection signal="timeout" from="Timer" to="." method="_on_Timer_timeout"]

[editable path="Goals/Goal1"]

[editable path="Goals/Goal2"]
